@incollection{
year={2007},
isbn={978-3-540-71208-4},
booktitle={Tools and Algorithms for the Construction and Analysis of Systems},
volume={4424},
series={Lecture Notes in Computer Science},
editor={Grumberg, Orna and Huth, Michael},
doi={10.1007/978-3-540-71209-1_25},
title={Model Checking Liveness Properties of Genetic Regulatory Networks},
url={http://dx.doi.org/10.1007/978-3-540-71209-1_25},
publisher={Springer Berlin Heidelberg},
author={Batt, Gr√©gory and Belta, Calin and Weiss, Ron},
pages={323-338}
}
